@book{horn,
  title={Matrix Analysis},
  author={Horn, R. A. and Johnson, C. R.},
  year={1990},
  page={146 -- 147},
  publisher={Cambridge University Press}
}


@article{redundant,
author = {A. M. Nielsen and P. Kornerup},
title = {Redundant Radix Representations of Rings},
journal ={IEEE Transactions on Computers},
volume = {48},
number = {11},
issn = {0018-9340},
year = {1999},
pages = {1153-1165},
doi = {http://doi.ieeecomputersociety.org/10.1109/12.811100},
publisher = {IEEE Computer Society},
address = {Los Alamitos, CA, USA},
}


@ARTICLE{avizienis,
author={Avizienis, A.},
journal={IEEE Trans. Comput.},
title={Signed-Digit Number Representations for Fast Parallel Arithmetic},
year={1961},
volume={EC-10},
number={3},
pages={389--400},
}


@INPROCEEDINGS{chow,
author={Chow, C.Y. and Robertson, J.E.},
booktitle={Proc. IEEE 4th Symposium on Computer Arithmetic},
title={Logical design of a redundant binary adder},
year={1978},
pages={109--115},}


@ARTICLE{parAddNS,
author={Frougny, C. and Pelantov\'a, E. and Svobodov\'a, M.},
title={Parallel addition in non-standard numeration systems},
journal={Theoret. Comput. Sci.},
year={2011},
volume={412},
number={41},
pages={5714-5727},
}

@misc{milena,
  author        = "M. Svobodov\'a",
  howpublished  = "Private communication",
  year          = "2014--2015"
}

@article{kBlock,
title = "k-Block parallel addition versus 1-block parallel addition in non-standard numeration systems ",
journal = "Theoret. Comput. Sci. ",
volume = "543",
number = "",
pages = "52 -- 67",
year = "2014",
note = "",
author = "Frougny, C. and Heller, P. and Pelantov\'a, E. and Svobodov\'a, M.",
}


@article {minAlph,
    AUTHOR = {Frougny, C. and Pelantov{\'a}, E. and
              Svobodov{\'a}, M.},
     TITLE = {Minimal digit sets for parallel addition in non-standard
              numeration systems},
   JOURNAL = {J. Integer Seq.},
  FJOURNAL = {Journal of Integer Sequences},
    VOLUME = {16},
      YEAR = {2013},
    NUMBER = {2},
     PAGES = {Article 13.2.17, 36},
      ISSN = {1530-7638},
}


@INPROCEEDINGS{kornerup,
    author = {P. Kornerup},
    title = {Necessary and Sufficient Conditions for Parallel, Constant Time Conversion and Addition},
    booktitle = {IEEE Computer Society},
    year = {1999},
    pages = {152--156}
}

@misc{sage,
  title = {Sage{M}ath Reference Manual},
  howpublished = {\url{http://doc.sagemath.org/html/en/reference/index.html}},
  note = {Accessed: 2015-08-31}
}
